%% Arquivo contendo todas referências bibliográficas
%% This BibTeX bibliography file was created using BibDesk.
%% http://bibdesk.sourceforge.net/

%    acentos bibtex
%  à á ã  |  {\‘a} {\’a} {\~a}
%    í    |     {\’\i}
%    ç    |     {\c c}

@misc{uses-arm,
	Author = {CSA},
	Title = {Uses for Robotic Arm Technologyi},
	Organization = {Canadian Space Agency},
	Publisher = {Canadian Space Agency},
	Url = {http://www.asc-csa.gc.ca/eng/canadarm/robotic.asp},
	Urlaccessdate = {22 abr 2016},
	Year = {2011},
}
@misc{uses-robot,
	Author = {Bennett Brumson},
	Publisher = {Robotic Industries Associaton},
	Title = {Robotics in Security and Military Applications},
	Url = {http://www.robotics.org/content-detail.cfm/Industrial-Robotics-Industry-Insights/Robotics-in-Security-and-Military-Applications/content_id/3112},
	Urlaccessdate = {6 mar 2016},
	Year = {2011}
}

@article{wearable,
	Author = {Jacopo Aleotti and Alexander Skoglund and Tom Duckett}, 
	Title = {Gesture Controlled Mobile Robotic Arm Using Accelerometer},
	Url = {http://aass.oru.se/~asd/Aleotti04IMG.pdf},
	Url = {http://ripublication.com/aeee/80_pp%20%20%20%20601-606.pdf},
	Journal = {International Journal of Innovative Research in Science,
Engineering and Technology},
	Volume = {4},
	Issue = {6}
	Urlaccessdate = {6 mar 2016},
	Year = {2015}
}

@manual{datasheet-caliber,
	title        = {CALIBER MK4 LARGE EOD ROBOT Datasheet},
	author       = {ICOR}, 
	organization = {ICOR Technology},
	month        = {8},
	year         = {2016},
	Url			 = {https://icor-b23.kxcdn.com/wp-content/uploads/2016/09/CALIBER%C2%AE-MK4-V2016.08.25.pdf},
	Urlaccessdate = {16 nov 2016}
}


@article{handgesture,
	Author = {Shamsheer Verma }, 
	Title = {Hand Gestures Remote Controlled Robotic Arm},
	Url = {http://ripublication.com/aeee/80_pp%20%20%20%20601-606.pdf},
	Journal = {Advance in Electronic and Electric Engineering},
	Volume = {3},
	Issue = {5}
	Publisher = {Research India Publications  },
	Urlaccessdate = {6 mar 2016},
	Year = {2013}
}

@article{handtracking,
	Author = {Shamsheer Verma }, 
	Title = {Hand Gestures Remote Controlled Robotic Arm},
	Url = {http://ripublication.com/aeee/80_pp%20%20%20%20601-606.pdf},
Journal = {Advance in Electronic and Electric Engineering},
	Volume = {3},
	Issue = {5}
	Publisher = {Research India Publications  },
	Urlaccessdate = {6 mar 2016},
	Year = {2013}
}

@article{joystick,
	Author = {Chowarit Mitsantisuk and Seiichiro Katsura  and Kiyoshi Ohishi }, 
	Title = {Sensorless Interaction Force Control Based on B-Spline Function for
Human-Robot Systems},
	Url = {https://www.jstage.jst.go.jp/article/jcmsi/1/6/1_6_452/_pdf},
Journal = {SICE Journal of Control, Measurement, and System Integration},
	Volume = {1},
	Issue = {6}
	Urlaccessdate = {6 mar 2016},
	Year = {2008}
}

@article{tracker-based,
	Author = {Yunlu Wang and Guanglong Du and Ping Zhang and Liying Yang and Yanbin Su}, 
	Publisher = {IEEE},
	Title = {Robot Teleoperation Using a Vision-Based Manipulation Method},
	Url = {http://ieeexplore.ieee.org/abstract/document/5685167/},
	Urlaccessdate = {6 mar 2016},
	Year = {2005},
	Volume = {33},
	Issue = {22}
}
@article{kinect-based,
	Author = {Guanglong Du and Ping Zhang and Jianhua Mai and Zeling Li}, 
	Publisher = {IEEE},
	Title = {Markerless Kinect-Based Hand Tracking for Robot Teleoperation},
	Url = {http://cdn.intechopen.com/pdfs/37895/InTech-Markerless_kinect_based_hand_tracking_for_robot_teleoperation.pdf},
	Urlaccessdate = {6 mar 2016},
	Year = {2012},
	Volume = {33},
	Issue = {22}
}


@article{erricson-report,
	Author = {Erricson}, 
	Title = {Erricson Mobility Report June 2015},
	Url = {http://www.ericsson.com/res/docs/2015/ericsson-mobility-report-june-2015.pdf},
	Urlaccessdate = {6 mar 2016},
	Year = {2015}
}

@article{faixa-anatel, 
	Author = {Anatel},
	Title = {Atribui{\c c}{\~a}o da Faixa de Frequ{\^e}ncias no Brasil},
	Url = {http://www.anatel.gov.br/Portal/verificaDocumentos/documento.asp?numeroPublicacao=98580&assuntoPublicacao=Quadro%20de%20Atribui%E7%E3o%20&caminhoRel=null&filtro=1&documentoPath=radiofrequencia/qaff.pdf},
	Urlaccessdate = {6 mar 2016},
	Year = {2006}
}

@article{comparison-wifi,
	Author = {Sinku Gupta},
	Title = {Research on Li-Fi Technology\& Comparison of Li-Fi/Wi-Fi},
	Url = {http://www.ijarcsse.com/docs/papers/Volume_5/6_June2015/V5I6-0175.pdf},
	Urlaccessdate = {6 mar 2016},
	Year = {2015}
}

@manual{lifi-standard,
	Author = {IEEE},
	Title = {802.15.7-2011  -  IEEE Standard for Local and Metropolitan Area Networks--Part 15.7: Short-Range Wireless Optical Communication Using Visible Light},
	Url = {http://ieeexplore.ieee.org/stamp/stamp.jsp?tp=&arnumber=6016195},
	Urlaccessdate = {6 mar 2016},
	Year = {2011}
}

@article{nasa-rs1,
	Author = {William A. Geisel},
	Title = {Tutorial on Reed-Solomon Error Correction Coding},
	Publisher = {NASA},
	Organization = {National Aeronautics and Space Administration},
	Url = {http://ntrs.nasa.gov/archive/nasa/casi.ntrs.nasa.gov/19900019023.pdf},
	Urlaccessdate = {19 mai 2016},
	Year = {1990}
}

@article{optimize-photodiode,
	Author = {Luis Orozco},
	Title = {Optimizing Precision Photodiode Sensor Circuit Design},
	Organization = {Analog Devices},
	Url = {http://www.analog.com/media/en/technical-documentation/technical-articles/Optimizing-Precision-Photodiode-Sensor-Circuit-Design-MS-2624.pdf},
	Urlaccessdate = {20 jul 2016},
	Year = {2014}
}

@book{microelectronics-circuits,
	Author = {Sedra/Smith},
	Title = {Microelectronics Circuits},
	Publisher = {Oxford},
	Year = {2014},
	Edition = {7},
	ISBN = {0199339139}
}

@misc{comparator-ampop-lecture,
	title        = {Operational Amplifier Circuits Comparators and Positive Feedback},
	author       = {Chaniotakis and Cory}, 
	organization = {MIT},
	year         = {2006},
	Url			 = {https://ocw.mit.edu/courses/electrical-engineering-and-computer-science/6-071j-introduction-to-electronics-signals-and-measurement-spring-2006/lecture-notes/24_op_amps3.pdf},
	Urlaccessdate = {16 nov 2016}
}

@manual{datasheet-irlz14,
	title        = {IRLZ14, SiHLZ14 Datasheet},
	author       = {Vishay}, 
	organization = {Vishay},
	month        = {3},
	year         = {2011},
	Url			 = {http://www.vishay.com/docs/91325/sihlz14.pdf},
	Urlaccessdate = {16 nov 2016}
}

@manual{datasheet-opa380,
	title        = {Precision, High Speed Transimpedance Amplifier},
	author       = {Texas Instruments}, 
	organization = {Texas Instruments},
	month        = {9},
	year         = {2007},
	Url			 = {http://www.ti.com/lit/ds/symlink/opa380.pdf},
	Urlaccessdate = {16 nov 2016}
}


@manual{datasheet-luw-w5am,
	title        = {LUW W5AM},
	author       = {OSRAM}, 
	organization = {OSRAM Opto Semiconductors},
	month        = {12},
	year         = {2015},
	Url			 = {http://www.osram-os.com/Graphics/XPic6/00089171_0.pdf/LUW%20W5AM.pdf},
	Urlaccessdate = {16 nov 2016}
}

@manual{datasheet-sfh2701,
	title        = {High Speed PIN Photodiode},
	author       = {OSRAM}, 
	organization = {OSRAM Opto Semiconductors},
	month        = {12},
	year         = {2008},
	Url			 = {http://www.osram-os.com/Graphics/XPic9/00083297_0.pdf},
	Urlaccessdate = {16 nov 2016}
}


@manual{datasheet-sfh3410,
	title        = {Silicon NPN Phototransistor with Vλ Characteristics},
	author       = {OSRAM}, 
	organization = {OSRAM Opto Semiconductors},
	month        = {04},
	year         = {2007},
	Url			 = {http://www.osram-os.com/Graphics/XPic0/00083360_0.pdf},
	Urlaccessdate = {16 nov 2016}
}

@article{philips-led-performance,
	title			= {Understanding LED Performance},
	author			= {Rudi Hechfellner, Steve Landau },
	organization	= {Philips},
	Url				= {http://www.lumileds.com/uploads/14/NA05-pdf},
	Urlaccessdate	= {23 nov 2016}
}
